@manual{IsabelleManual,
  title = {The Isabelle/Isar Reference Manual},
  author = {Makarius Wenzel},
  year = 2019 }

@manual{IsabelleTutorial,
  title = {Programming and Proving in Isabelle/HOL},
  author = {Tobias Nipkow},
  year = 2019 }

@misc{IsabelleWebsite,
  title = {{Isabelle}},
  howpublished = "\url{https://isabelle.in.tum.de/}",
  note = "[Website]"
}